@article{Lacourt2017,
    author = {Lacourt, Patricia and Soto, Julio and Rumi\'{e}, Hana and Gejman, Roger and Pattillo, Juan C. and Garc\'{\i}a, Cristi\'{a}n and Garc\'{\i}a, Hern\'{a}n},
    citeulike-article-id = {14640229},
    citeulike-linkout-0 = {http://dx.doi.org/10.4067/s0370-41062017000600792},
    doi = {10.4067/s0370-41062017000600792},
    issn = {0370-4106},
    journal = {Revista chilena de pediatr\'{\i}a},
    keywords = {medecine, pediatrics},
    month = dec,
    number = {6},
    pages = {792--797},
    posted-at = {2018-09-27 11:52:44},
    priority = {2},
    title = {{Tumor de las c\'{e}lulas de granulosa: pubertad precoz en lactante menor de 1 a\~{n}o. Caso cl\'{\i}nico}},
    url = {http://dx.doi.org/10.4067/s0370-41062017000600792},
    volume = {88},
    year = {2017}
}

@article{kotwal-2012-precocious-puberty,
    author = {Kotwal, Narendra and Menon, AnilS and Yanamandra, Uday and Nair, Velu},
    citeulike-article-id = {14640228},
    citeulike-linkout-0 = {http://dx.doi.org/10.4103/2230-8210.98027},
    doi = {10.4103/2230-8210.98027},
    issn = {2230-8210},
    journal = {Indian Journal of Endocrinology and Metabolism},
    keywords = {medecine, pediatrics},
    number = {4},
    pages = {627+},
    posted-at = {2018-09-27 11:52:04},
    priority = {2},
    title = {{Central precocious puberty due to hypothalamic hamartoma in a six-month-old infant girl}},
    url = {http://dx.doi.org/10.4103/2230-8210.98027},
    volume = {16},
    year = {2012}
}

@article{dutta-2016-lichtenberg-lighthning,
    author = {Dutta, Bornali},
    citeulike-article-id = {14638972},
    citeulike-linkout-0 = {http://dx.doi.org/10.4103/0019-5154.174062},
    doi = {10.4103/0019-5154.174062},
    issn = {0019-5154},
    journal = {Indian Journal of Dermatology},
    keywords = {medecine, misc},
    number = {1},
    pages = {109+},
    posted-at = {2018-09-22 20:22:46},
    priority = {2},
    title = {{Lichtenberg figure and lightning}},
    url = {http://dx.doi.org/10.4103/0019-5154.174062},
    volume = {61},
    year = {2016}
}

@article{macintyre-2005-co-uptake,
    address = {Duke University Medical Center, Durham, NC, USA.},
    author = {MacIntyre, N.},
    citeulike-article-id = {3279445},
    citeulike-linkout-0 = {http://dx.doi.org/10.1183/09031936.05.00034905},
    citeulike-linkout-1 = {http://view.ncbi.nlm.nih.gov/pubmed/16204605},
    citeulike-linkout-2 = {http://www.hubmed.org/display.cgi?uids=16204605},
    day = {01},
    doi = {10.1183/09031936.05.00034905},
    issn = {0903-1936},
    journal = {European Respiratory Journal},
    keywords = {medecine, pneumology},
    month = oct,
    number = {4},
    pages = {720--735},
    pmid = {16204605},
    posted-at = {2018-09-17 18:07:56},
    priority = {1},
    title = {{Standardisation of the single-breath determination of carbon monoxide uptake in the lung}},
    url = {http://dx.doi.org/10.1183/09031936.05.00034905},
    volume = {26},
    year = {2005}
}

@article{zink-2018-tyrolean-iceman,
    author = {Zink, Albert and Samadelli, Marco and Gostner, Paul and Piombino-Mascali, Dario},
    citeulike-article-id = {14636505},
    citeulike-linkout-0 = {http://dx.doi.org/10.1016/j.ijpp.2018.07.006},
    doi = {10.1016/j.ijpp.2018.07.006},
    issn = {18799817},
    journal = {International Journal of Paleopathology},
    keywords = {medecine, paloarcheology},
    month = aug,
    posted-at = {2018-09-15 14:22:30},
    priority = {0},
    title = {{Possible evidence for care and treatment in the Tyrolean Iceman}},
    url = {http://dx.doi.org/10.1016/j.ijpp.2018.07.006},
    year = {2018}
}

@article{inamine-2018-igA-liver,
    abstract = {{https://link.springer.com/article/10.1007/s00535-017-1400-8}},
    author = {Inamine, T. and Schnabl, B.},
    citeulike-article-id = {14630192},
    citeulike-linkout-0 = {https://doi.org/10.1007/s00535-017-1400-8},
    journal = {J Gastroenterol},
    keywords = {hge, medecine},
    posted-at = {2018-08-29 13:00:39},
    priority = {2},
    title = {{Immunoglobulin A and liver diseases}},
    url = {https://doi.org/10.1007/s00535-017-1400-8},
    year = {2018}
}

@article{augustin-2014-learn-med-school,
    abstract = {{Students in medical school often feel overwhelmed by the excessive amount of factual knowledge they are obliged to learn. Although a large body of research on effective learning methods is published, scientifically based learning strategies are not a standard part of the curriculum in medical school. Students are largely unaware of how to learn successfully and improve memory. This review outlines three fundamental methods that benefit learning: the testing effect, active recall, and spaced repetition. The review summarizes practical learning strategies to learn effectively and optimize long-term retention of factual knowledge.}},
    author = {Augustin, Marc},
    citeulike-article-id = {14629319},
    citeulike-linkout-0 = {http://view.ncbi.nlm.nih.gov/pubmed/24910566},
    citeulike-linkout-1 = {http://www.hubmed.org/display.cgi?uids=24910566},
    issn = {1551-4056},
    journal = {The Yale journal of biology and medicine},
    keywords = {medecine},
    month = jun,
    number = {2},
    pages = {207--212},
    pmid = {24910566},
    posted-at = {2018-08-26 12:00:36},
    priority = {0},
    title = {{How to learn effectively in medical school: test yourself, learn actively, and repeat in intervals.}},
    url = {http://view.ncbi.nlm.nih.gov/pubmed/24910566},
    volume = {87},
    year = {2014}
}

@book{citeulike:14627670,
    author = {Coll\`{e}ge des enseignants de nutrition},
    citeulike-article-id = {14627670},
    citeulike-linkout-0 = {http://www.worldcat.org/isbn/2294738519},
    citeulike-linkout-1 = {http://books.google.com/books?vid=ISBN2294738519},
    citeulike-linkout-2 = {http://www.amazon.com/gp/search?keywords=2294738519\&index=books\&linkCode=qs},
    citeulike-linkout-3 = {http://www.librarything.com/isbn/2294738519},
    citeulike-linkout-4 = {http://www.worldcat.org/oclc/880266276},
    isbn = {2294738519},
    keywords = {medecine, nutrition},
    posted-at = {2018-08-20 22:46:58},
    priority = {0},
    publisher = {Elsevier Masson},
    title = {{Nutrition : enseignement int\'{e}gr\'{e}, UE nutrition}},
    url = {http://www.worldcat.org/isbn/2294738519},
    year = {2014}
}

@article{patel-2014-hiv-risk,
    author = {Patel, Pragna and Borkowf, Craig B. and Brooks, John T. and Lasry, Arielle and Lansky, Amy and Mermin, Jonathan},
    citeulike-article-id = {14626527},
    citeulike-linkout-0 = {http://dx.doi.org/10.1097/qad.0000000000000298},
    doi = {10.1097/qad.0000000000000298},
    issn = {0269-9370},
    journal = {AIDS},
    keywords = {infectious, medecine},
    month = jun,
    number = {10},
    pages = {1509--1519},
    posted-at = {2018-08-16 18:08:33},
    priority = {2},
    title = {{Estimating per-act HIV transmission risk}},
    url = {http://dx.doi.org/10.1097/qad.0000000000000298},
    volume = {28},
    year = {2014}
}

@book{Martinez-Gros2014,
    author = {Martinez-Gros, Gabriel},
    citeulike-article-id = {14527374},
    citeulike-linkout-0 = {http://www.worldcat.org/isbn/2757856820},
    citeulike-linkout-1 = {http://books.google.com/books?vid=ISBN2757856820},
    citeulike-linkout-2 = {http://www.amazon.com/gp/search?keywords=2757856820\&index=books\&linkCode=qs},
    citeulike-linkout-3 = {http://www.librarything.com/isbn/2757856820},
    citeulike-linkout-4 = {http://www.worldcat.org/oclc/946221678},
    isbn = {2757856820},
    keywords = {history},
    posted-at = {2018-01-31 09:11:48},
    priority = {2},
    title = {{Br\`{e}ve histoire des empires : comment ils surgissent, comment ils s'effondrent}},
    url = {http://www.worldcat.org/isbn/2757856820},
    year = {2016}
}

@book{Minois2016,
    author = {Minois, Georges},
    citeulike-article-id = {14517273},
    citeulike-linkout-0 = {http://www.worldcat.org/isbn/9782262050382},
    citeulike-linkout-1 = {http://books.google.com/books?vid=ISBN9782262050382},
    citeulike-linkout-2 = {http://www.amazon.com/gp/search?keywords=9782262050382\&index=books\&linkCode=qs},
    citeulike-linkout-3 = {http://www.librarything.com/isbn/9782262050382},
    citeulike-linkout-4 = {http://www.worldcat.org/oclc/968136996},
    isbn = {9782262050382},
    keywords = {history},
    posted-at = {2018-01-15 21:39:47},
    priority = {2},
    publisher = {Perrin},
    title = {{Histoire du Moyen Age : mille ans de splendeurs et mis\`{e}res}},
    url = {http://www.worldcat.org/isbn/9782262050382},
    year = {2016}
}

@book{citeulike:14315076,
    citeulike-article-id = {14315076},
    citeulike-linkout-0 = {http://www.amazon.ca/exec/obidos/redirect?tag=citeulike09-20\&amp;path=ASIN/2213677204},
    citeulike-linkout-1 = {http://www.amazon.de/exec/obidos/redirect?tag=citeulike01-21\&amp;path=ASIN/2213677204},
    citeulike-linkout-2 = {http://www.amazon.fr/exec/obidos/redirect?tag=citeulike06-21\&amp;path=ASIN/2213677204},
    citeulike-linkout-3 = {http://www.amazon.jp/exec/obidos/ASIN/2213677204},
    citeulike-linkout-4 = {http://www.amazon.co.uk/exec/obidos/ASIN/2213677204/citeulike00-21},
    citeulike-linkout-5 = {http://www.amazon.com/exec/obidos/redirect?tag=citeulike07-20\&path=ASIN/2213677204},
    citeulike-linkout-6 = {http://www.worldcat.org/isbn/2213677204},
    citeulike-linkout-7 = {http://books.google.com/books?vid=ISBN2213677204},
    citeulike-linkout-8 = {http://www.amazon.com/gp/search?keywords=2213677204\&index=books\&linkCode=qs},
    citeulike-linkout-9 = {http://www.librarything.com/isbn/2213677204},
    howpublished = {Paperback},
    isbn = {2213677204},
    keywords = {history, toread},
    posted-at = {2017-03-21 09:47:15},
    priority = {2},
    title = {{Histoire politique de l'affaire Dreyfus}},
    url = {http://www.worldcat.org/isbn/2213677204}
}

@book{Baslez2001,
    author = {Baslez, Marie-Fran\c{c}oise},
    citeulike-article-id = {13840385},
    keywords = {history},
    posted-at = {2015-11-17 21:42:21},
    priority = {2},
    publisher = {Nathan},
    title = {{Histoire politique du monde grec antique}},
    year = {2001}
}

@book{TiteLiveXXVI,
    author = {Tite-Live},
    citeulike-article-id = {13838406},
    keywords = {rome},
    posted-at = {2015-11-14 15:38:36},
    priority = {2},
    publisher = {Flammarion},
    title = {{Histoire romaine, livres XXVI \`{a} XXX : La seconde guerre punique II}},
    year = {1999}
}

@book{TiteLiveXLI,
    author = {Tite-Live},
    citeulike-article-id = {13838404},
    keywords = {rome},
    posted-at = {2015-11-14 15:37:47},
    priority = {2},
    publisher = {Flammarion},
    title = {{Histoire romaine, livres XLI \`{a} XLV : Les progr\`{e}s de l'h\'{e}g\'{e}monie romaine}},
    year = {1999}
}

@book{TiteLiveVI,
    author = {Tite-Live},
    citeulike-article-id = {13838401},
    keywords = {rome},
    posted-at = {2015-11-14 15:33:02},
    priority = {2},
    publisher = {Flammarion},
    title = {{Histoire romaine, livres VI \`{a} X : La conqu\^{e}te de l'Italie}},
    year = {1999}
}

@book{TiteLiveXXI,
    author = {Tite-Live},
    citeulike-article-id = {13838400},
    keywords = {rome},
    posted-at = {2015-11-14 15:32:14},
    priority = {2},
    publisher = {Flammarion},
    title = {{Histoire romaine, livres XXI \`{a} XXV : La seconde guerre punique I}},
    year = {1999}
}

@book{TiteLiveXXXI,
    author = {Tite-Live},
    citeulike-article-id = {13838399},
    keywords = {rome},
    posted-at = {2015-11-14 15:31:31},
    priority = {2},
    publisher = {Flammarion},
    title = {{Histoire romaine, livres XXXI \`{a} XXXV : La lib\'{e}ration de la Gr\`{e}ce}},
    year = {1999}
}

@book{TiteLiveI,
    author = {Tite-Live},
    citeulike-article-id = {13838397},
    keywords = {rome},
    posted-at = {2015-11-14 15:28:53},
    priority = {2},
    publisher = {Flammarion},
    title = {{Histoire romaine, livre I \`{a} V : De la fondation de Rome \`{a} l'invasion gauloise}},
    year = {1999}
}

@book{Jouanna1996,
    author = {Jouanna, Arlette},
    citeulike-article-id = {13823519},
    keywords = {history},
    posted-at = {2015-11-02 21:37:15},
    priority = {2},
    publisher = {PUF},
    title = {{La France du 16e si\`{e}cle : 1483-1598}},
    year = {1996}
}

@book{Anceau2005,
    author = {Anceau, Eric},
    citeulike-article-id = {13823514},
    keywords = {history},
    posted-at = {2015-11-02 21:05:00},
    priority = {2},
    publisher = {Belin},
    title = {{Introduction au XIXe si\`{e}cle : Tome 2, 1871-1914}},
    year = {2005}
}

@book{Anceau2003,
    author = {Anceau, Eric},
    citeulike-article-id = {13823513},
    keywords = {history},
    posted-at = {2015-11-02 21:03:14},
    priority = {2},
    publisher = {Belin},
    title = {{Introduction au XIXe si\`{e}cle : Tome 1, 1815-1870}},
    volume = {1},
    year = {2003}
}

@book{Saupin2010,
    author = {Saupin, Guy},
    citeulike-article-id = {13818323},
    citeulike-linkout-0 = {http://www.amazon.ca/exec/obidos/redirect?tag=citeulike09-20\&amp;path=ASIN/2200255756},
    citeulike-linkout-1 = {http://www.amazon.de/exec/obidos/redirect?tag=citeulike01-21\&amp;path=ASIN/2200255756},
    citeulike-linkout-2 = {http://www.amazon.fr/exec/obidos/redirect?tag=citeulike06-21\&amp;path=ASIN/2200255756},
    citeulike-linkout-3 = {http://www.amazon.jp/exec/obidos/ASIN/2200255756},
    citeulike-linkout-4 = {http://www.amazon.co.uk/exec/obidos/ASIN/2200255756/citeulike00-21},
    citeulike-linkout-5 = {http://www.amazon.com/exec/obidos/redirect?tag=citeulike07-20\&path=ASIN/2200255756},
    citeulike-linkout-6 = {http://www.worldcat.org/isbn/2200255756},
    citeulike-linkout-7 = {http://books.google.com/books?vid=ISBN2200255756},
    citeulike-linkout-8 = {http://www.amazon.com/gp/search?keywords=2200255756\&index=books\&linkCode=qs},
    citeulike-linkout-9 = {http://www.librarything.com/isbn/2200255756},
    edition = {ARMAND COLIN},
    howpublished = {Paperback},
    isbn = {2200255756},
    keywords = {history},
    posted-at = {2015-10-31 11:20:26},
    priority = {2},
    publisher = {Armand Colin},
    title = {{La France \`{a} l'\'{e}poque moderne}},
    url = {http://www.worldcat.org/isbn/2200255756},
    year = {2010}
}

@book{Bourel2013,
    author = {Guillaume, Bourel and Chevallier, Marielle and Joubert, Guillaume and Guillausseau, Axelle},
    citeulike-article-id = {13818322},
    citeulike-linkout-0 = {http://www.amazon.ca/exec/obidos/redirect?tag=citeulike09-20\&amp;path=ASIN/2218965216},
    citeulike-linkout-1 = {http://www.amazon.de/exec/obidos/redirect?tag=citeulike01-21\&amp;path=ASIN/2218965216},
    citeulike-linkout-2 = {http://www.amazon.fr/exec/obidos/redirect?tag=citeulike06-21\&amp;path=ASIN/2218965216},
    citeulike-linkout-3 = {http://www.amazon.jp/exec/obidos/ASIN/2218965216},
    citeulike-linkout-4 = {http://www.amazon.co.uk/exec/obidos/ASIN/2218965216/citeulike00-21},
    citeulike-linkout-5 = {http://www.amazon.com/exec/obidos/redirect?tag=citeulike07-20\&path=ASIN/2218965216},
    citeulike-linkout-6 = {http://www.worldcat.org/isbn/2218965216},
    citeulike-linkout-7 = {http://books.google.com/books?vid=ISBN2218965216},
    citeulike-linkout-8 = {http://www.amazon.com/gp/search?keywords=2218965216\&index=books\&linkCode=qs},
    citeulike-linkout-9 = {http://www.librarything.com/isbn/2218965216},
    day = {30},
    howpublished = {Paperback},
    isbn = {2218965216},
    keywords = {history},
    month = jul,
    posted-at = {2015-10-31 11:18:19},
    priority = {2},
    publisher = {Bescherelle},
    title = {{Chronologie de l'histoire de France: des origines \`{a} nos jours}},
    url = {http://www.worldcat.org/isbn/2218965216},
    year = {2013}
}

@book{Beaurepaire2013,
    author = {Beaurepaire, Pierre-Yves},
    citeulike-article-id = {13802449},
    keywords = {history},
    posted-at = {2015-10-14 18:02:12},
    priority = {2},
    publisher = {PUF},
    series = {Que sais-je ?},
    title = {{L'Europe des Lumi\`{e}res}}
}

@book{Tallon2013,
    author = {Tallon, Allain},
    citeulike-article-id = {13801703},
    isbn = {978-2-13-062424-0},
    keywords = {history},
    posted-at = {2015-10-14 07:34:57},
    priority = {2},
    publisher = {PUF},
    series = {Que sais-je ?},
    title = {{L'Europe de la Renaissance}}
}

@article{michalakes-2015-scability-dynamical-cores,
    author = {Michalakes, John},
    citeulike-article-id = {13799350},
    citeulike-linkout-0 = {http://www.pawsey.org.au/wp-content/uploads/2015/09/Pawsey\_HPC\_Technology\_Update\_20150923.pdf},
    keywords = {phd},
    posted-at = {2015-10-11 14:56:36},
    priority = {2},
    title = {{Evaluating Performance and Scalability of
Candidate Dynamical Cores for the
Next Generation Global Prediction System}},
    url = {http://www.pawsey.org.au/wp-content/uploads/2015/09/Pawsey\_HPC\_Technology\_Update\_20150923.pdf}
}

@book{Caron2007,
    author = {Caron, Jean-Claude and Vernus, Michel},
    citeulike-article-id = {13721937},
    editor = {Colin, Armand},
    keywords = {history},
    posted-at = {2015-08-29 19:36:12},
    priority = {2},
    title = {{L'Europe au 19e si\`{e}cle: Des nations aux nationalismes (1815-1914)}}
}

@book{LeBohec2005,
    author = {Le Bohec, Yann},
    citeulike-article-id = {13698664},
    citeulike-linkout-0 = {http://www.amazon.ca/exec/obidos/redirect?tag=citeulike09-20\&amp;path=ASIN/2708407449},
    citeulike-linkout-1 = {http://www.amazon.de/exec/obidos/redirect?tag=citeulike01-21\&amp;path=ASIN/2708407449},
    citeulike-linkout-2 = {http://www.amazon.fr/exec/obidos/redirect?tag=citeulike06-21\&amp;path=ASIN/2708407449},
    citeulike-linkout-3 = {http://www.amazon.jp/exec/obidos/ASIN/2708407449},
    citeulike-linkout-4 = {http://www.amazon.co.uk/exec/obidos/ASIN/2708407449/citeulike00-21},
    citeulike-linkout-5 = {http://www.amazon.com/exec/obidos/redirect?tag=citeulike07-20\&path=ASIN/2708407449},
    citeulike-linkout-6 = {http://www.worldcat.org/isbn/2708407449},
    citeulike-linkout-7 = {http://books.google.com/books?vid=ISBN2708407449},
    citeulike-linkout-8 = {http://www.amazon.com/gp/search?keywords=2708407449\&index=books\&linkCode=qs},
    citeulike-linkout-9 = {http://www.librarything.com/isbn/2708407449},
    edition = {PICARD},
    howpublished = {Paperback},
    isbn = {2708407449},
    keywords = {rome},
    posted-at = {2015-08-09 16:14:40},
    priority = {2},
    publisher = {PICARD},
    title = {{L'arm\'{e}e romaine sous le Haut-Empire}},
    url = {http://www.worldcat.org/isbn/2708407449},
    year = {2005}
}

@book{LeBohec2006,
    author = {Le Bohec, Yann},
    citeulike-article-id = {13698663},
    citeulike-linkout-0 = {http://www.amazon.ca/exec/obidos/redirect?tag=citeulike09-20\&amp;path=ASIN/2708407651},
    citeulike-linkout-1 = {http://www.amazon.de/exec/obidos/redirect?tag=citeulike01-21\&amp;path=ASIN/2708407651},
    citeulike-linkout-2 = {http://www.amazon.fr/exec/obidos/redirect?tag=citeulike06-21\&amp;path=ASIN/2708407651},
    citeulike-linkout-3 = {http://www.amazon.jp/exec/obidos/ASIN/2708407651},
    citeulike-linkout-4 = {http://www.amazon.co.uk/exec/obidos/ASIN/2708407651/citeulike00-21},
    citeulike-linkout-5 = {http://www.amazon.com/exec/obidos/redirect?tag=citeulike07-20\&path=ASIN/2708407651},
    citeulike-linkout-6 = {http://www.worldcat.org/isbn/2708407651},
    citeulike-linkout-7 = {http://books.google.com/books?vid=ISBN2708407651},
    citeulike-linkout-8 = {http://www.amazon.com/gp/search?keywords=2708407651\&index=books\&linkCode=qs},
    citeulike-linkout-9 = {http://www.librarything.com/isbn/2708407651},
    howpublished = {Paperback},
    isbn = {2708407651},
    keywords = {rome},
    posted-at = {2015-08-09 16:13:59},
    priority = {2},
    publisher = {A. et J. Picard},
    title = {{L'Arm\'{e}e Romaine sous le Bas-Empire}},
    url = {http://www.worldcat.org/isbn/2708407651}
}

@book{Golvin2006,
    author = {Golvin, Jean-Claude and Salles, Catherine},
    citeulike-article-id = {13698660},
    citeulike-linkout-0 = {http://www.amazon.ca/exec/obidos/redirect?tag=citeulike09-20\&amp;path=ASIN/2877723429},
    citeulike-linkout-1 = {http://www.amazon.de/exec/obidos/redirect?tag=citeulike01-21\&amp;path=ASIN/2877723429},
    citeulike-linkout-2 = {http://www.amazon.fr/exec/obidos/redirect?tag=citeulike06-21\&amp;path=ASIN/2877723429},
    citeulike-linkout-3 = {http://www.amazon.jp/exec/obidos/ASIN/2877723429},
    citeulike-linkout-4 = {http://www.amazon.co.uk/exec/obidos/ASIN/2877723429/citeulike00-21},
    citeulike-linkout-5 = {http://www.amazon.com/exec/obidos/redirect?tag=citeulike07-20\&path=ASIN/2877723429},
    citeulike-linkout-6 = {http://www.worldcat.org/isbn/2877723429},
    citeulike-linkout-7 = {http://books.google.com/books?vid=ISBN2877723429},
    citeulike-linkout-8 = {http://www.amazon.com/gp/search?keywords=2877723429\&index=books\&linkCode=qs},
    citeulike-linkout-9 = {http://www.librarything.com/isbn/2877723429},
    edition = {ERRANCE},
    howpublished = {Hardcover},
    isbn = {2877723429},
    keywords = {rome},
    posted-at = {2015-08-09 16:00:15},
    priority = {2},
    publisher = {ERRANCE},
    title = {{Voyage chez les empereurs romains}},
    url = {http://www.worldcat.org/isbn/2877723429},
    year = {2006}
}

@book{Yourcenar1977,
    author = {Yourcenar, Marguerite},
    citeulike-article-id = {13698658},
    citeulike-linkout-0 = {http://www.amazon.ca/exec/obidos/redirect?tag=citeulike09-20\&amp;path=ASIN/2070369218},
    citeulike-linkout-1 = {http://www.amazon.de/exec/obidos/redirect?tag=citeulike01-21\&amp;path=ASIN/2070369218},
    citeulike-linkout-2 = {http://www.amazon.fr/exec/obidos/redirect?tag=citeulike06-21\&amp;path=ASIN/2070369218},
    citeulike-linkout-3 = {http://www.amazon.jp/exec/obidos/ASIN/2070369218},
    citeulike-linkout-4 = {http://www.amazon.co.uk/exec/obidos/ASIN/2070369218/citeulike00-21},
    citeulike-linkout-5 = {http://www.amazon.com/exec/obidos/redirect?tag=citeulike07-20\&path=ASIN/2070369218},
    citeulike-linkout-6 = {http://www.worldcat.org/isbn/2070369218},
    citeulike-linkout-7 = {http://books.google.com/books?vid=ISBN2070369218},
    citeulike-linkout-8 = {http://www.amazon.com/gp/search?keywords=2070369218\&index=books\&linkCode=qs},
    citeulike-linkout-9 = {http://www.librarything.com/isbn/2070369218},
    edition = {Edition Unstated},
    howpublished = {Mass Market Paperback},
    isbn = {2070369218},
    keywords = {rome},
    posted-at = {2015-08-09 15:56:26},
    priority = {2},
    publisher = {Gallimard},
    title = {{Memoires D'Hadrien}},
    url = {http://www.worldcat.org/isbn/2070369218},
    year = {1977}
}

@book{Christol1990,
    author = {Christol, Michel},
    citeulike-article-id = {13698648},
    citeulike-linkout-0 = {http://www.amazon.ca/exec/obidos/redirect?tag=citeulike09-20\&amp;path=ASIN/2011403200},
    citeulike-linkout-1 = {http://www.amazon.de/exec/obidos/redirect?tag=citeulike01-21\&amp;path=ASIN/2011403200},
    citeulike-linkout-2 = {http://www.amazon.fr/exec/obidos/redirect?tag=citeulike06-21\&amp;path=ASIN/2011403200},
    citeulike-linkout-3 = {http://www.amazon.jp/exec/obidos/ASIN/2011403200},
    citeulike-linkout-4 = {http://www.amazon.co.uk/exec/obidos/ASIN/2011403200/citeulike00-21},
    citeulike-linkout-5 = {http://www.amazon.com/exec/obidos/redirect?tag=citeulike07-20\&path=ASIN/2011403200},
    citeulike-linkout-6 = {http://www.worldcat.org/isbn/2011403200},
    citeulike-linkout-7 = {http://books.google.com/books?vid=ISBN2011403200},
    citeulike-linkout-8 = {http://www.amazon.com/gp/search?keywords=2011403200\&index=books\&linkCode=qs},
    citeulike-linkout-9 = {http://www.librarything.com/isbn/2011403200},
    howpublished = {Paperback},
    isbn = {2011403200},
    keywords = {rome},
    posted-at = {2015-08-09 14:54:40},
    priority = {2},
    publisher = {Hachette \'{E}ducation},
    title = {{Rome et son empire}},
    url = {http://www.worldcat.org/isbn/2011403200}
}

@book{LeGlay1991,
    author = {Le Glay, Marcel and Voisin, Jean-Louis and Le Bohec, Yann},
    citeulike-article-id = {13527068},
    citeulike-linkout-0 = {http://www.amazon.ca/exec/obidos/redirect?tag=citeulike09-20\&amp;path=ASIN/2130589103},
    citeulike-linkout-1 = {http://www.amazon.de/exec/obidos/redirect?tag=citeulike01-21\&amp;path=ASIN/2130589103},
    citeulike-linkout-2 = {http://www.amazon.fr/exec/obidos/redirect?tag=citeulike06-21\&amp;path=ASIN/2130589103},
    citeulike-linkout-3 = {http://www.amazon.jp/exec/obidos/ASIN/2130589103},
    citeulike-linkout-4 = {http://www.amazon.co.uk/exec/obidos/ASIN/2130589103/citeulike00-21},
    citeulike-linkout-5 = {http://www.amazon.com/exec/obidos/redirect?tag=citeulike07-20\&path=ASIN/2130589103},
    citeulike-linkout-6 = {http://www.worldcat.org/isbn/2130589103},
    citeulike-linkout-7 = {http://books.google.com/books?vid=ISBN2130589103},
    citeulike-linkout-8 = {http://www.amazon.com/gp/search?keywords=2130589103\&index=books\&linkCode=qs},
    citeulike-linkout-9 = {http://www.librarything.com/isbn/2130589103},
    edition = {PUF},
    howpublished = {Paperback},
    isbn = {2130589103},
    keywords = {rome},
    posted-at = {2015-02-24 21:35:29},
    priority = {2},
    publisher = {Presses Universitaires de France - PUF},
    title = {{Histoire romaine}},
    url = {http://www.worldcat.org/isbn/2130589103},
    year = {1991}
}
@article{jensen-2011-glycogen,
  title={The role of skeletal muscle glycogen breakdown for regulation of insulin sensitivity by exercise},
  author={Jensen, J{\o}rgen and Rustad, Per Inge and Kolnes, Anders Jensen and Lai, Yu-Chiang},
  journal={Frontiers in physiology},
  volume={2},
  pages={112},
  year={2011},
  publisher={Frontiers}
}
@book{rwh,
  title={Real world haskell: Code you can believe in},
  author={O'Sullivan, Bryan and Goerzen, John and Stewart, Donald Bruce},
  year={2008},
  publisher={" O'Reilly Media, Inc."}
}
@article{davis-2014-sound-from-image,
  author =       {Abe Davis and Michael Rubinstein and Neal Wadhwa and
                  Gautham J. Mysore and Fr{\'e}do Durand and William
                  T. Freeman},
  title =        {The Visual Microphone},
  journal =      {ACM Transactions on Graphics},
  volume =       33,
  number =       4,
  pages =        {1-10},
  year =         2014,
  doi =          {10.1145/2601097.2601119},
  url =          {https://doi.org/10.1145/2601097.2601119},
  DATE_ADDED =   {Thu May 9 18:21:58 2019},
}

@article{greenland-2016-p-values,
  author =       {Sander Greenland and Stephen J. Senn and Kenneth
                  J. Rothman and John B. Carlin and Charles Poole and
                  Steven N. Goodman and Douglas G. Altman},
  title =        {Statistical Tests, P Values, Confidence Intervals,
                  and Power: a Guide To Misinterpretations},
  journal =      {European Journal of Epidemiology},
  volume =       31,
  number =       4,
  pages =        {337-350},
  year =         2016,
  doi =          {10.1007/s10654-016-0149-3},
  url =          {https://doi.org/10.1007/s10654-016-0149-3},
  DATE_ADDED =   {Sat May 11 11:35:08 2019},
}



@article{michaelson13_learn_you_haskel_great_good,
  author =	 {GREG MICHAELSON},
  title =	 {Learn You a Haskell for Great Good! a Beginner's
                  Guide, By Miran Lipovaca, No Starch Press, April
                  2011, Isbn-10: 1593272839; Isbn-13: 978-1593272838,
                  376 Pp.},
  journal =	 {Journal of Functional Programming},
  volume =	 23,
  number =	 3,
  pages =	 {351-352},
  year =	 2013,
  doi =		 {10.1017/s095679681300004x},
  url =		 {https://doi.org/10.1017/s095679681300004x},
  DATE_ADDED =	 {Sat May 18 18:50:42 2019},
}


@article{wree19_novel_driver_inflam_respon_liver_injur_fibros,
  author =	 {Alexander Wree and Theresa Holtmann and Maria
                  Inzaugarat and Ariel Feldstein},
  title =	 {Novel Drivers of the Inflammatory Response in Liver
                  Injury and Fibrosis},
  journal =	 {Seminars in Liver Disease},
  volume =	 {nil},
  number =	 {nil},
  pages =	 {nil},
  year =	 2019,
  doi =		 {10.1055/s-0039-1685515},
  url =		 {https://doi.org/10.1055/s-0039-1685515},
  DATE_ADDED =	 {Sat May 18 18:52:05 2019},
}

@article{herbert18_inter_physic_activ_exerc_genet,
  author =       {Adam J. Herbert and Alun G. Williams and Philip
                  J. Hennis and Robert M. Erskine and Craig Sale and
                  Stephen H. Day and Georgina K. Stebbings},
  title =        {The Interactions of Physical Activity, Exercise and
                  Genetics and Their Associations With Bone Mineral
                  Density: Implications for Injury Risk in Elite
                  Athletes},
  journal =      {European Journal of Applied Physiology},
  volume =       119,
  number =       1,
  pages =        {29-47},
  year =         2018,
  doi =          {10.1007/s00421-018-4007-8},
  url =          {https://doi.org/10.1007/s00421-018-4007-8},
  DATE_ADDED =   {Thu May 23 21:49:29 2019},
}

@book{magni2003olmeques,
  title={Les Olm{\`e}ques: des origines au mythe},
  author={Magni, Caterina},
  year={2003},
  publisher={Seuil}
}

@book{knuth2011art,
  title={Art of Computer Programming, Volumes 1-4A Boxed Set},
  author={Knuth, Donald E},
  year={2011},
  publisher={Addison-Wesley Professional}
}
@article{maldacena2015symmetry,
  title={The symmetry and simplicity of the laws of physics and the Higgs boson},
  author={Maldacena, Juan},
  journal={European Journal of Physics},
  volume={37},
  number={1},
  pages={015802},
  year={2015},
  publisher={IOP Publishing}
}
@misc{statisticsdonewrong,
  title={Statistics done wrong},
  author={Alex Reinhart},
  url={https://www.statisticsdonewrong.com}
}
@book{munkres2014topology,
  title={Topology},
  author={Munkres, James},
  year={2014},
  publisher={Pearson Education}
  url={https://archive.org/download/Topology2EdJamesMunkres_201701/topology\%20\%202Ed\%20-\%20James\%20Munkres.pdf}
}
@Online{knill18:some_fundam_theor_mathem,
  author       = {Oliver Knill},
  title        = {{Some Fundamental Theorems in Mathematics}},
  year         = 2018,
  archiveprefix= {arXiv},
  eprint       = {1807.08416v2},
  primaryclass = {math.HO}
}


@Article{Hamosh_1970,
  author       = {Hamosh, Paul and Cohn, Jay N.},
  title        = {Mechanism of the hepatojugular reflux test},
  year         = 1970,
  volume       = 25,
  number       = 1,
  month        = {Jan},
  pages        = 100,
  issn         = {0002-9149},
  doi          = {10.1016/0002-9149(70)90871-4},
  url          = {http://dx.doi.org/10.1016/0002-9149(70)90871-4},
  journal      = {The American Journal of Cardiology},
  publisher    = {Elsevier BV}
}

@article{thomas19_global_elimin_chron_hepat,
  author =       {David L. Thomas},
  title =        {Global Elimination of Chronic Hepatitis},
  journal =      {New England Journal of Medicine},
  volume =       380,
  number =       21,
  pages =        {2041-2050},
  year =         2019,
  doi =          {10.1056/nejmra1810477},
  url =          {https://doi.org/10.1056/nejmra1810477},
  DATE_ADDED =   {Tue May 28 12:06:29 2019},
}
@Article{Grenfell_2002,
  author       = {Grenfell, Bryan T. and Bjørnstad, Ottar N. and
                  Finkenstädt, Bärbel F.},
  title        = {DYNAMICS OF MEASLES EPIDEMICS: SCALING NOISE,
                  DETERMINISM, AND PREDICTABILITY WITH THE TSIR MODEL},
  year         = 2002,
  volume       = 72,
  number       = 2,
  month        = {May},
  pages        = {185–202},
  issn         = {0012-9615},
  doi          = {10.1890/0012-9615(2002)072[0185:domesn]2.0.co;2},
  url          =
                  {http://dx.doi.org/10.1890/0012-9615(2002)072[0185:DOMESN]2.0.CO;2},
  journal      = {Ecological Monographs},
  publisher    = {Wiley}
}
@Article{princetonCompanionMaths,
  title        = {The Princeton Companion to Mathematics},
  author       = {Timothy Gowers},
  year         = 2010,
  month        = {Dec},
  doi          = {10.1515/9781400830398},
  url          = {http://dx.doi.org/10.1515/9781400830398},
  isbn         = 9781400830398,
  publisher    = {Princeton University Press}
}
@book{taocp1,
  title={The Art of Computer Programming, Volume 1 : Fundamental Algorithms},
  author={Knuth, Donald Ervin},
  year={1997},
  publisher={Addison-Wesley}
}

@article{kaboudian19_real_time_inter_simul_large,
  author =       {Abouzar Kaboudian and Elizabeth M. Cherry and Flavio
                  H. Fenton},
  title =        {Real-Time Interactive Simulations of Large-Scale
                  Systems on Personal Computers and Cell Phones:
                  Toward Patient-Specific Heart Modeling and Other
                  Applications},
  journal =      {Science Advances},
  volume =       5,
  number =       3,
  pages =        {eaav6019},
  year =         2019,
  doi =          {10.1126/sciadv.aav6019},
  url =          {https://doi.org/10.1126/sciadv.aav6019},
  DATE_ADDED =   {Mon Jun 10 10:48:47 2019},
}


@article{figoni19_lyme_borrel_other_tick_borne_diseas,
  author =       {J. Figoni and C. Chirouze and Y. Hansmann and
                  C. Lemogne and V. Hentgen and A. Saunier and
                  K. Bouiller and J.F. Gehanno and C. Rabaud and
                  S. Perrot and E. Caumes and C. Eldin and T. de
                  Broucker and B. Jaulhac and F. Roblot and
                  J. Toubiana and F. Sellal and F. Vuillemet and
                  C. Sordet and B. Fantin and G. Lina and X. Gocko and
                  M. Dieudonn{\'e} and B. Bodaghi and J.P. Gangneux
                  and B. Degeilh and H. Partouche and C. Lenormand and
                  A. Sotto and A. Raffetin and J.J. Monsuez and
                  C. Michel and N. Boulanger and P. Cathebras and
                  P. Tattevin},
  title =        {Lyme Borreliosis and Other Tick-Borne
                  Diseases. Guidelines From the French Scientific
                  Societies (I): Prevention, Epidemiology, Diagnosis},
  journal =      {M{\'e}decine et Maladies Infectieuses},
  volume =       {nil},
  number =       {nil},
  pages =        {nil},
  year =         2019,
  doi =          {10.1016/j.medmal.2019.04.381},
  url =          {https://doi.org/10.1016/j.medmal.2019.04.381},
  DATE_ADDED =   {Thu Jun 13 12:33:31 2019},
}


@article{jaulhac19_lyme_borrel_other_tick_borne_diseas,
  author =       {B. Jaulhac and A. Saunier and E. Caumes and
                  K. ouiller and J.F. Gehanno and C. Rabaud and
                  S. Perrot and C. Eldin and T. de Broucker and
                  F. Roblot and J. Toubiana and F. Sellal and
                  F. Vuillemet and C. Sordet and B. Fantin and G. Lina
                  and C. Sobas and X. Gocko and J. Figoni and
                  C. Chirouze and Y. Hansmann and V. Hentgen and
                  P. Cathebras and M. Dieudonn{\'e} and B. Bodaghi and
                  J.P. Gangneux and B. Degeilh and H. Partouche and
                  C. Lenormand and A. Sotto and A. Raffetin and
                  J.J. Monsuez and C. Michel and N. Boulanger and
                  C. Lemogne and P. Tattevin},
  title =        {Lyme Borreliosis and Other Tick-Borne
                  Diseases. Guidelines From the French Scientific
                  Societies (II). Biological Diagnosis, Treatment,
                  Persistent Symptoms After Documented Or Suspected
                  Lyme Borreliosis},
  journal =      {M{\'e}decine et Maladies Infectieuses},
  volume =       {nil},
  number =       {nil},
  pages =        {nil},
  year =         2019,
  doi =          {10.1016/j.medmal.2019.05.001},
  url =          {https://doi.org/10.1016/j.medmal.2019.05.001},
  DATE_ADDED =   {Thu Jun 13 12:34:20 2019},
}


@article{bekkering19_thyroid_hormon_treat_subcl_hypot,
  author =       {G E Bekkering and T Agoritsas and L Lytvyn and A F
                  Heen and M Feller and E Moutzouri and H Abdulazeem
                  and B Aertgeerts and D Beecher and J P Brito and P D
                  Farhoumand and N Singh Ospina and N Rodondi and M
                  van Driel and E Wallace and M Snel and P M Okwen and
                  R Siemieniuk and P O Vandvik and T Kuijpers and M
                  Vermandere},
  title =        {Thyroid Hormones Treatment for Subclinical
                  Hypothyroidism: a Clinical Practice Guideline},
  journal =      {BMJ},
  volume =       {nil},
  number =       {nil},
  pages =        {l2006},
  year =         2019,
  doi =          {10.1136/bmj.l2006},
  url =          {https://doi.org/10.1136/bmj.l2006},
  DATE_ADDED =   {Thu Jun 13 12:55:17 2019},
}


@article{zheng19_assoc_chang_red_meat_consum,
  author =       {Yan Zheng and Yanping Li and Ambika Satija and An
                  Pan and Mercedes Sotos-Prieto and Eric Rimm and
                  Walter C Willett and Frank B Hu},
  title =        {Association of Changes in Red Meat Consumption With
                  Total and Cause Specific Mortality Among Us Women
                  and Men: Two Prospective Cohort Studies},
  journal =      {BMJ},
  volume =       {nil},
  number =       {nil},
  pages =        {l2110},
  year =         2019,
  doi =          {10.1136/bmj.l2110},
  url =          {https://doi.org/10.1136/bmj.l2110},
  DATE_ADDED =   {Sat Jun 15 10:47:52 2019},
}


@article{kaminski19_evolut_facial_muscl_anatom_dogs,
  author =       {Juliane Kaminski and Bridget M. Waller and Rui Diogo
                  and Adam Hartstone-Rose and Anne M. Burrows},
  title =        {Evolution of Facial Muscle Anatomy in Dogs},
  journal =      {Proceedings of the National Academy of Sciences},
  volume =       {nil},
  number =       {nil},
  pages =        201820653,
  year =         2019,
  doi =          {10.1073/pnas.1820653116},
  url =          {https://doi.org/10.1073/pnas.1820653116},
  DATE_ADDED =   {Fri Jul 5 10:34:45 2019},
}
@article{fong18_seven_sketc_compos,
  author =       {Fong, Brendan and Spivak, David I},
  title =        {Seven Sketches in Compositionality: an Invitation To
                  Applied Category Theory},
  journal =      {CoRR},
  year =         2018,
  url =          {http://arxiv.org/abs/1803.05316v3},
  abstract =     {This book is an invitation to discover advanced
                  topics in category theory through concrete,
                  real-world examples. It aims to give a tour: a
                  gentle, quick introduction to guide later
                  exploration. The tour takes place over seven
                  sketches, each pairing an evocative application,
                  such as databases, electric circuits, or dynamical
                  systems, with the exploration of a categorical
                  structure, such as adjoint functors, enriched
                  categories, or toposes.  No prior knowledge of
                  category theory is assumed.  A feedback form for
                  typos, comments, questions, and suggestions is
                  available here:
                  https://docs.google.com/document/d/160G9OFcP5DWT8Stn7TxdVx83DJnnf7d5GML0_FOD5Wg/edit},
  archivePrefix ={arXiv},
  eprint =       {1803.05316},
  primaryClass = {math.CT},
}


@article{keehn19_spont_diver_movem_to_music,
  author =       {R. Joanne Jao Keehn and John R. Iversen and Irena
                  Schulz and Aniruddh D. Patel},
  title =        {Spontaneity and Diversity of Movement To Music Are
                  Not Uniquely Human},
  journal =      {Current Biology},
  volume =       29,
  number =       13,
  pages =        {R621-R622},
  year =         2019,
  doi =          {10.1016/j.cub.2019.05.035},
  url =          {https://doi.org/10.1016/j.cub.2019.05.035},
  DATE_ADDED =   {Wed Jul 10 17:00:11 2019},
}


@article{chen19_thyroid_funct_concep,
  author =       {Angela X. Chen and Angela M. Leung and Tim
                  I.M. Korevaar},
  title =        {Thyroid Function and Conception},
  journal =      {New England Journal of Medicine},
  volume =       381,
  number =       2,
  pages =        {178-181},
  year =         2019,
  doi =          {10.1056/nejmclde1902637},
  url =          {https://doi.org/10.1056/nejmclde1902637},
  DATE_ADDED =   {Thu Jul 11 11:26:33 2019},
}


@article{khuong19_nerve_injur_drives_heigh_state,
  author =       {Thang M. Khuong and Qiao-Ping Wang and John Manion and Lisa J.
                  Oyston and Man-Tat Lau and Harry Towler and Yong Qi Lin and G.
                  Gregory Neely},
  title =        {Nerve Injury Drives a Heightened State of Vigilance and
                  Neuropathic Sensitization in Drosophila},
  journal =      {Science Advances},
  volume =       5,
  number =       7,
  pages =        {eaaw4099},
  year =         2019,
  doi =          {10.1126/sciadv.aaw4099},
  url =          {https://doi.org/10.1126/sciadv.aaw4099},
  DATE_ADDED =   {Sun Jul 14 12:30:27 2019},
}

@article{brouwer2016effect,
  title={Effect of trans-fatty acid intake on blood lipids and lipoproteins: a systematic review and meta-regression analysis},
  author={Brouwer, Ingeborg A and World Health Organization and others},
  year={2016},
  publisher={World Health Organization}
}

@website{machinelearningVUUniv2018,
  title={Machine Learning course},
  year={2018},
  author={VU University Amsterdam},
  url={https://mlvu.github.io/}
  }

@book{seibel05_collec,
  DATE_ADDED =   {Sun Aug 25 09:05:41 2019},
  author =       {Peter Seibel},
  title =    {Practical Common Lisp},
  doi =          {10.1007/978-1-4302-0017-8_11},
  pages =        {127-140},
  publisher =    {Apress},
  series =       {Practical Common Lisp},
  url =          {https://doi.org/10.1007/978-1-4302-0017-8_11},
  year =         {2005},
}


@article{steffen08_optim_board_method_airlin_passen,
  author          = {Jason H. Steffen},
  title           = {Optimal Boarding Method for Airline Passengers},
  journal         = {Journal of Air Transport Management},
  volume          = {14},
  number          = {3},
  pages           = {146-150},
  year            = {2008},
  doi             = {10.1016/j.jairtraman.2008.03.003},
  url             = {https://doi.org/10.1016/j.jairtraman.2008.03.003},
  DATE_ADDED      = {Sat Sep 21 19:57:15 2019},
}


@article{steffen12_exper_test_airpl_board_method,
  author          = {Jason H. Steffen and Jon Hotchkiss},
  title           = {Experimental Test of Airplane Boarding Methods},
  journal         = {Journal of Air Transport Management},
  volume          = {18},
  number          = {1},
  pages           = {64-67},
  year            = {2012},
  doi             = {10.1016/j.jairtraman.2011.10.003},
  url             = {https://doi.org/10.1016/j.jairtraman.2011.10.003},
  DATE_ADDED      = {Sat Sep 21 19:58:46 2019},
}


@article{dasgupta19_fresh_slate_biopr,
  author          = {Queeny Dasgupta and Lauren D. Black},
  title           = {A Fresh Slate for 3d Bioprinting},
  journal         = {Science},
  volume          = {365},
  number          = {6452},
  pages           = {446-447},
  year            = {2019},
  doi             = {10.1126/science.aay0478},
  url             = {https://doi.org/10.1126/science.aay0478},
  DATE_ADDED      = {Sun Sep 22 22:16:12 2019},
}


@article{burch19_drug_effec_thyroid,
  author          = {Henry B. Burch},
  title           = {Drug Effects on the Thyroid},
  journal         = {New England Journal of Medicine},
  volume          = {381},
  number          = {8},
  pages           = {749-761},
  year            = {2019},
  doi             = {10.1056/nejmra1901214},
  url             = {https://doi.org/10.1056/nejmra1901214},
  DATE_ADDED      = {Thu Sep 26 10:52:20 2019},
}


@article{mueller14_pen_is_might_than_keyboar,
  author          = {Pam A. Mueller and Daniel M. Oppenheimer},
  title           = {The Pen Is Mightier Than the Keyboard},
  journal         = {Psychological Science},
  volume          = {25},
  number          = {6},
  pages           = {1159-1168},
  year            = {2014},
  doi             = {10.1177/0956797614524581},
  url             = {https://doi.org/10.1177/0956797614524581},
  DATE_ADDED      = {Fri Sep 27 13:27:52 2019},
}


@article{goupil19_assoc_between_gifts_from_pharm,
  author          = {Bruno Goupil and Fr{\'e}d{\'e}ric Balusson and Florian
                  Naudet and Maxime Esvan and Benjamin Bastian and Anthony
                  Chapron and Pierre Frouard},
  title           = {Association Between Gifts From Pharmaceutical Companies To
                  French General Practitioners and Their Drug Prescribing
                  Patterns in 2016: Retrospective Study Using the French
                  Transparency in Healthcare and National Health Data System
                  Databases},
  journal         = {BMJ},
  volume          = {nil},
  number          = {nil},
  pages           = {l6015},
  year            = {2019},
  doi             = {10.1136/bmj.l6015},
  url             = {https://doi.org/10.1136/bmj.l6015},
  DATE_ADDED      = {Wed Nov 13 21:04:32 2019},
}


@article{christiansen19_treat_hyper_patien_with_asthm,
  author          = {Sandra C. Christiansen and Bruce L. Zuraw},
  title           = {Treatment of Hypertension in Patients With Asthma},
  journal         = {New England Journal of Medicine},
  volume          = {381},
  number          = {11},
  pages           = {1046-1057},
  year            = {2019},
  doi             = {10.1056/nejmra1800345},
  url             = {https://doi.org/10.1056/nejmra1800345},
  DATE_ADDED      = {Fri Nov 15 11:08:41 2019},
}
@Book{hall16_guyton_hall,
  author          = {Hall, John},
  title           = {Guyton and Hall textbook of medical physiology},
  year            = 2016,
  publisher       = {Elsevier},
  address         = {Philadelphia, PA},
  isbn            = 9781455770052,
}
@Book{herring20_learn,
  author          = {Herring, William},
  title           = {Learning radiology : recognizing the basics},
  year            = 2020,
  publisher       = {Elsevier},
  address         = {Philadephia, PA},
  isbn            = 9780323567299,
}


@article{hausfather19_evaluat_perfor_past_climat_model_projec,
  author          = {Zeke Hausfather and Henri F. Drake and Tristan Abbott and
                  Gavin A. Schmidt},
  title           = {Evaluating the Performance of Past Climate Model
                  Projections},
  journal         = {Geophysical Research Letters},
  volume          = {nil},
  number          = {nil},
  pages           = {2019GL085378},
  year            = {2019},
  doi             = {10.1029/2019gl085378},
  url             = {https://doi.org/10.1029/2019gl085378},
  DATE_ADDED      = {Thu Dec 5 20:37:50 2019},
}


@article{hegde18_perip_blood_smear_analy_using,
  author          = {Roopa B. Hegde and Keerthana Prasad and Harishchandra
                  Hebbar and I Sandhya},
  title           = {Peripheral Blood Smear Analysis Using Image Processing
                  Approach for Diagnostic Purposes: a Review},
  journal         = {Biocybernetics and Biomedical Engineering},
  volume          = {38},
  number          = {3},
  pages           = {467-480},
  year            = {2018},
  doi             = {10.1016/j.bbe.2018.03.002},
  url             = {https://doi.org/10.1016/j.bbe.2018.03.002},
  DATE_ADDED      = {Sat Dec 14 16:51:27 2019},
}


@book{hastie09_elemen_statis_learn,
  author          = {Trevor Hastie and Robert Tibshirani and Jerome Friedman},
  title           = {The Elements of Statistical Learning},
  year            = 2009,
  publisher       = {Springer New York},
  url             = {https://doi.org/10.1007/978-0-387-84858-7},
  DATE_ADDED      = {Wed Mar 4 11:11:04 2020},
  doi             = {10.1007/978-0-387-84858-7},
  pages           = {nil},
  series          = {Springer Series in Statistics},
}


@article{rudnicka05,
  author          = {Alicja R. Rudnicka},
  title           = {2. Essential Medical Statistics (2nd edn). Betty R.
                  Kirkwood and Jonathan A. C. Sterne, Blackwell Science, Oxford,
                  2003. No. of Pages: 512. Price: £22.95. Isbn 0-86542-871-9},
  journal         = {Statistics in Medicine},
  volume          = {24},
  number          = {5},
  pages           = {824-824},
  year            = {2005},
  doi             = {10.1002/sim.1961},
  url             = {https://doi.org/10.1002/sim.1961},
  DATE_ADDED      = {Thu Mar 5 15:45:47 2020},
}


@article{dunson02_chang_with_age_level_durat,
  author          = {D. B. Dunson},
  title           = {Changes With Age in the Level and Duration of Fertility in
                  the Menstrual Cycle},
  journal         = {Human Reproduction},
  volume          = {17},
  number          = {5},
  pages           = {1399-1403},
  year            = {2002},
  doi             = {10.1093/humrep/17.5.1399},
  url             = {https://doi.org/10.1093/humrep/17.5.1399},
  DATE_ADDED      = {Sat Mar 28 22:46:51 2020},
}


@article{gnoth03_time_to_pregn,
  author          = {C. Gnoth},
  title           = {Time To Pregnancy: Results of the German Prospective Study
                  and Impact on the Management of Infertility},
  journal         = {Human Reproduction},
  volume          = {18},
  number          = {9},
  pages           = {1959-1966},
  year            = {2003},
  doi             = {10.1093/humrep/deg366},
  url             = {https://doi.org/10.1093/humrep/deg366},
  DATE_ADDED      = {Sat Mar 28 22:51:27 2020},
}


@article{doremalen20_aeros_surfac_stabil_sars_cov,
  author          = {Neeltje van Doremalen and Trenton Bushmaker and Dylan H.
                  Morris and Myndi G. Holbrook and Amandine Gamble and Brandi N.
                  Williamson and Azaibi Tamin and Jennifer L. Harcourt and
                  Natalie J. Thornburg and Susan I. Gerber and James O.
                  Lloyd-Smith and Emmie de Wit and Vincent J. Munster},
  title           = {Aerosol and Surface Stability of Sars-Cov-2 As Compared
                  With Sars-Cov-1},
  journal         = {New England Journal of Medicine},
  volume          = {nil},
  number          = {nil},
  pages           = {NEJMc2004973},
  year            = {2020},
  doi             = {10.1056/nejmc2004973},
  url             = {https://doi.org/10.1056/nejmc2004973},
  DATE_ADDED      = {Thu Apr 2 11:21:09 2020},
}


@article{fang20_sensit_chest_ct_covid,
  author          = {Yicheng Fang and Huangqi Zhang and Jicheng Xie and Minjie
                  Lin and Lingjun Ying and Peipei Pang and Wenbin Ji},
  title           = {Sensitivity of Chest Ct for Covid-19: Comparison To Rt-Pcr},
  journal         = {Radiology},
  volume          = {nil},
  number          = {nil},
  pages           = {200432},
  year            = {2020},
  doi             = {10.1148/radiol.2020200432},
  url             = {https://doi.org/10.1148/radiol.2020200432},
  DATE_ADDED      = {Thu Apr 2 11:37:08 2020},
}
@Book{polybe03_histoir,
  author          = {Polybe},
  title           = {Histoire},
  year            = 2003,
  publisher       = {Gallimard},
  address         = {Paris},
  isbn            = 2070735397,
}
@Book{eco83,
  author          = {Eco, Umberto},
  title           = {The name of the rose},
  year            = 1983,
  publisher       = {Harcourt Brace Jovanovich},
  address         = {San Diego},
  isbn            = 0156001314,
}
@Book{brecht01_artur_ui,
  author          = {Brecht, Bertolt},
  title           = {The resistible rise of Arturo Ui},
  year            = 2001,
  publisher       = {Arcade Pub},
  address         = {New York},
  isbn            = 1559705434,
}

@article{poon14_first_trimes_mater_factor_biomar_screen_preec,
  author          = {Leona C. Poon and Kypros H. Nicolaides},
  title           = {First-Trimester Maternal Factors and Biomarker Screening
                  for Preeclampsia},
  journal         = {Prenatal Diagnosis},
  volume          = {nil},
  number          = {nil},
  pages           = {n/a-n/a},
  year            = {2014},
  doi             = {10.1002/pd.4397},
  url             = {https://doi.org/10.1002/pd.4397},
  DATE_ADDED      = {Sun May 24 11:25:21 2020},
}
@Book{cohen98_belle_seign,
  author          = {Cohen, Albert},
  title           = {Belle du Seigneur},
  year            = 1998,
  publisher       = {Gallimard},
  address         = {Paris},
  isbn            = 2070404021,
}
@Book{levi87_if,
  author          = {Levi, Primo},
  title           = {If this is a man ; and, the truce},
  year            = 1987,
  publisher       = {Abacus},
  address         = {London},
  isbn            = 0349100136,
}
@Book{doyle01_basker,
  author          = {Doyle, Arthur},
  title           = {The hound of the Baskervilles},
  year            = 2001,
  publisher       = {Signet Classic},
  address         = {New York},
  isbn            = 0451528018,
}
@Book{joyce00_dublin,
  author          = {Joyce, James},
  title           = {Dubliners},
  year            = 2000,
  publisher       = {Oxford University Press},
  address         = {Oxford England New York},
  isbn            = 0192839993,
}
@Book{plutarch01_plutar,
  author          = {Plutarch},
  title           = {Plutarch's lives},
  year            = 2001,
  publisher       = {Modern Library},
  address         = {New York},
  isbn            = 0375756760,
}
@Book{liu16_death,
  author          = {Liu, Cixin},
  title           = {Death's end},
  year            = 2016,
  publisher       = {Tor},
  address         = {New York},
  isbn            = 0765377101,
}
@Book{gombrich95,
  author          = {Gombrich, E. H},
  title           = {The story of art},
  year            = 1995,
  publisher       = {Phaidon Press Limited},
  address         = {London},
  isbn            = 0714892076,
}
@Book{liu14,
  author          = {Liu, Cixin},
  title           = {The three-body problem},
  year            = 2014,
  publisher       = {Tor Books},
  address         = {New York},
  isbn            = 0765377063,
}
@Book{eco89_foucaul,
  author          = {Eco, Umberto},
  title           = {Foucault's pendulum},
  year            = 1989,
  publisher       = {Harcourt Brace Jovanovich},
  address         = {San Diego},
  isbn            = {015603297X},
}
@Book{magni03_les,
  author          = {Magni, Caterina},
  title           = {Les Olmeques : des origines au mythe},
  year            = 2003,
  publisher       = {Seuil},
  address         = {Paris},
  isbn            = 2020549913,
}
@Book{dickens03,
  author          = {Dickens, Charles},
  title           = {A tale of two cities},
  year            = 2003,
  publisher       = {Penguin Books},
  address         = {London, England New York, New York},
  isbn            = 0141439602,
}
@Book{mccaffrey05_dragon,
  author          = {McCaffrey, Anne},
  title           = {Dragonflight},
  year            = 2005,
  publisher       = {Ballantine Books},
  address         = {New York},
  isbn            = 0345484266,
}
@Book{mccaffrey78,
  author          = {McCaffrey, Anne},
  title           = {The white dragon},
  year            = 1978,
  publisher       = {Ballantine Books},
  address         = {New York},
  isbn            = 0345341678,
}
@Book{pratchett86,
  author          = {Pratchett, Terry},
  title           = {The light fantastic},
  year            = 1986,
  publisher       = {C. Smythe U.S. distributor, Dufour Editions},
  address         = {Gerrards Cross Chester Springs, PA},
  isbn            = 0061020702,
}
@Book{pratchett05,
  author          = {Pratchett, Terry},
  title           = {The color of magic : a Discworld novel},
  year            = 2005,
  publisher       = {Harper, an imprint of HarperCollins Publishers},
  address         = {New York, New York},
  isbn            = 0060855924,
}
@Book{martin05,
  author          = {Martin, George},
  title           = {A feast for crows},
  year            = 2005,
  publisher       = {Bantam Books},
  address         = {New York},
  isbn            = {055358202X},
}
@Book{martin11,
  author          = {Martin, George},
  title           = {A storm of swords},
  year            = 2011,
  publisher       = {Bantam Books},
  address         = {New York},
  isbn            = {055357342X},
}
@Book{martin99,
  author          = {Martin, George},
  title           = {A clash of kings},
  year            = 1999,
  publisher       = {Bantam Books},
  address         = {New York},
  isbn            = 0553381695,
}
@Book{martin96,
  author          = {Martin, George},
  title           = {A game of thrones},
  year            = 1996,
  publisher       = {Bantam Books},
  address         = {New York},
  isbn            = 0553588486,
}
@Book{tolkien01_there,
  author          = {Tolkien, J. R. R},
  title           = {The hobbit, or, There and back again},
  year            = 2001,
  publisher       = {Houghton Mifflin},
  address         = {Boston},
  isbn            = 0618260307,
}
@Book{tolkien94,
  author          = {Tolkien, J. R. R},
  title           = {The two towers : being the second part of The lord of the
  rings},
  year            = 1994,
  publisher       = {Houghton Mifflin Co},
  address         = {Boston},
  isbn            = 0618346260,
}
@Book{tolkien65_ring,
  author          = {Tolkien, J. R. R},
  title           = {The fellowship of the Ring : being the first part of The
  Lord of the Rings},
  year            = 1965,
  publisher       = {Ballantine Books},
  address         = {New York},
  isbn            = 0618346252,
}
@Book{rowling03_harry_potter_order_phoen,
  author          = {Rowling, J. K},
  title           = {Harry Potter and the Order of the Phoenix},
  year            = 2003,
  publisher       = {Arthur A. Levine Books, an imprint of Scholastic Press},
  address         = {New York, NY},
  isbn            = 0439358078,
}
@Book{rowling07_harry_potter,
  author          = {Rowling, J. K},
  title           = {Harry Potter and the deathly hallows},
  year            = 2007,
  publisher       = {Arthur A. Levine Books},
  address         = {New York, NY},
  isbn            = 0545010225,
}
@Book{rowling99_harry_potter_chamb_secret,
  author          = {Rowling, J. K},
  title           = {Harry Potter and the Chamber of Secrets},
  year            = 1999,
  publisher       = {Arthur A. Levine Books, an imprint of Scholastic Press},
  address         = {New York, NY},
  isbn            = 0439064864,
}
@Book{rowling99_harry_potter_azkab,
  author          = {Rowling, J. K},
  title           = {Harry Potter and the prisoner of Azkaban},
  year            = 1999,
  publisher       = {Arthur A. Levine Books},
  address         = {New York},
  isbn            = {043965548X},
}
@Book{delumeau05_une_histoir,
  author          = {Delumeau, Jean},
  title           = {Une Histoire du monde aux temps modernes},
  year            = 2005,
  publisher       = {Larousse},
  address         = {Paris},
  isbn            = 2035055350,
}
@Book{voltaire91_candid,
  author          = {Voltaire},
  title           = {Candide},
  year            = 1991,
  publisher       = {Dover Publications, Inc},
  address         = {New York},
  isbn            = 0486266893,
}
@Book{cook89_silver,
  author          = {Cook, Glen},
  title           = {The Silver spike},
  year            = 1989,
  publisher       = {Tom Doherty},
  address         = {New York},
  isbn            = 0812502205,
}
@Book{cook90_dream,
  author          = {Cook, Glen},
  title           = {Dreams of steel},
  year            = 1990,
  publisher       = {T. Doherty Associates},
  address         = {New York},
  isbn            = 0812502108,
}
@Book{cook89_shadow,
  author          = {Cook, Glen},
  title           = {Shadow games},
  year            = 1989,
  publisher       = {Tom Doherty Associates},
  address         = {New York},
  isbn            = 0812533828,
}
@Book{cook85,
  author          = {Cook, Glen},
  title           = {The white rose},
  year            = 1985,
  publisher       = {TOR Fantasy},
  address         = {New York},
  isbn            = 0812508440,
}
@Book{cook84_shadow,
  author          = {Cook, Glen},
  title           = {Shadows linger : the second chronicle of the Black Company},
  year            = 1984,
  publisher       = {TOR Fantasy},
  address         = {New York, NY},
  isbn            = 0812508424,
}
@Book{poe04_usher,
  author          = {Poe, Edgar},
  title           = {The fall of the house of Usher},
  year            = 2004,
  publisher       = {BookSurge Classics},
  address         = {Place of publication not identified},
  isbn            = 1594561796,
}
@Book{wells83,
  author          = {Wells, H. G},
  title           = {The war of the worlds},
  year            = 1983,
  publisher       = {Buccaneer Books},
  address         = {Cutchogue, N.Y},
  isbn            = 0375759239,
}
@Book{rostand03_cyran_berger,
  author          = {Rostand, Edmond},
  title           = {Cyrano de Bergerac : heroic comedy in five acts},
  year            = 2003,
  publisher       = {Signet Classic},
  address         = {New York},
  isbn            = 0451528921,
}
@Book{lovecraft05_at,
  author          = {Lovecraft, H. P},
  title           = {At the mountains of madness : the definitive edition},
  year            = 2005,
  publisher       = {Modern Library},
  address         = {New York},
  isbn            = 0812974417,
}
@Book{bach98_illus,
  author          = {Bach, Richard},
  title           = {Illusions},
  year            = 1998,
  publisher       = {Arrow},
  address         = {London},
  isbn            = 0099427869,
}
@Book{zola04_germin,
  author          = {Zola, Emile},
  title           = {Germinal},
  year            = 2004,
  publisher       = {Penguin Books},
  address         = {London, England New York, N.Y},
  isbn            = 0140447423,
}
@book{Grousset1942,
    author = {Grousset, Ren\'{e}},
    citeulike-article-id = {14516315},
    keywords = {history},
    posted-at = {2018-01-13 14:37:59},
    priority = {2},
    title = {{Histoire de la Chine}},
    year = {1942}
}
@Book{tolkien12,
  author          = {Tolkien, J. R. R},
  title           = {The return of the King},
  year            = 2012,
  publisher       = {HarperCollins},
  address         = {London},
  isbn            = 0007488351,
}
@Book{liu15,
  author          = {Liu, Cixin},
  title           = {The dark forest},
  year            = 2015,
  publisher       = {Tor, A Tom Doherty Associates Book},
  address         = {New York},
  isbn            = 9780765386694,
}
@Book{cohen98_belle_seign,
  author          = {Cohen, Albert},
  title           = {Belle du Seigneur},
  year            = 1998,
  publisher       = {Gallimard},
  address         = {Paris},
  isbn            = 2070404021,
}
@Book{levi87_if,
  author          = {Levi, Primo},
  title           = {If this is a man ; and, the truce},
  year            = 1987,
  publisher       = {Abacus},
  address         = {London},
  isbn            = 0349100136,
}
@Book{doyle01_basker,
  author          = {Doyle, Arthur},
  title           = {The hound of the Baskervilles},
  year            = 2001,
  publisher       = {Signet Classic},
  address         = {New York},
  isbn            = 0451528018,
}
@Book{joyce00_dublin,
  author          = {Joyce, James},
  title           = {Dubliners},
  year            = 2000,
  publisher       = {Oxford University Press},
  address         = {Oxford England New York},
  isbn            = 0192839993,
}
@Book{mccaffrey78_dragon,
  author          = {McCaffrey, Anne},
  title           = {Dragonquest},
  year            = 1978,
  publisher       = {Ballantine Books},
  address         = {New York},
  isbn            = 9780345335081,
}
@Book{cook85,
  author          = {Cook, Glen},
  title           = {The white rose},
  year            = 1985,
  publisher       = {TOR Fantasy},
  address         = {New York},
  isbn            = 0812508440,
}
@Book{lovecraft05_at,
  author          = {Lovecraft, H. P},
  title           = {At the mountains of madness : the definitive edition},
  year            = 2005,
  publisher       = {Modern Library},
  address         = {New York},
  isbn            = 0812974417,
}
@Book{dostoyevsky94_crime,
  author          = {Dostoyevsky, Fyodor},
  title           = {Crime and punishment},
  year            = 1994,
  publisher       = {Penguin Audio},
  address         = {New York, NY},
  isbn            = 0143058142,
}
@Book{rowling00_harry_potter_goblet_fire,
  author          = {Rowling, J. K},
  title           = {Harry Potter and the Goblet of Fire},
  year            = 2000,
  publisher       = {Bloomsbury},
  address         = {London},
  isbn            = 1408855682,
}
@Book{rowling05_harry_potter_half_blood_princ,
  author          = {Rowling, J. K},
  title           = {Harry Potter and the Half-Blood Prince},
  year            = 2005,
  publisher       = {Arthur A. Levine Books, an imprint of Scholastic Inc},
  address         = {New York, NY},
  isbn            = 0439784549,
}
@Book{rowling98_harry_potter,
  author          = {Rowling, J. K},
  title           = {Harry Potter and the sorcerer's stone},
  year            = 1998,
  publisher       = {Scholastic Inc},
  address         = {New York},
  isbn            = 0439708184,
}
@Book{cook90_dream,
  author          = {Cook, Glen},
  title           = {Dreams of steel},
  year            = 1990,
  publisher       = {T. Doherty Associates},
  address         = {New York},
  isbn            = 0812502108,
}
@Book{polybe03_histoir,
  author          = {Polybe, },
  title           = {Histoire},
  year            = 2003,
  publisher       = {Gallimard},
  address         = {Paris},
  isbn            = 9782070735396,
}
@Book{steinbeck93_of,
  author          = {Steinbeck, John},
  title           = {Of mice and men},
  year            = 1993,
  publisher       = {Penguin Books},
  address         = {New York},
  isbn            = 0142000671,
}
@Book{homere1955,
  author = {Homère},
  title = {Iliade ; Odyssée},
  publisher = {Gallimard},
  year = {1955},
  address = {Paris},
  isbn = {9782070102617},
 }


@article{scarth89_volcan_origin_polyp_story_oedys,
  author          = {Alwyn Scarth},
  title           = {Volcanic Origins of the Polyphemus Story in the "Odyssey":
                  a Non-Classicist's Interpretation},
  journal         = {The Classical World},
  volume          = {83},
  number          = {2},
  pages           = {89},
  year            = {1989},
  doi             = {10.2307/4350550},
  url             = {https://doi.org/10.2307/4350550},
  DATE_ADDED      = {Wed Jun 24 14:11:32 2020},
}
@Book{duby19_oeuvr,
  author          = {Duby, Georges},
  title           = {Oeuvres},
  year            = 2019,
  publisher       = {Gallimard},
  address         = {Paris},
  isbn            = 9782072776205,
}
@Book{levi90_si,
  author          = {Levi, Primo},
  title           = {Si c'est un homme},
  year            = 1990,
  publisher       = {Presses Pocket},
  address         = {Paris},
  isbn            = 2266022504,
}
@Book{bronte1983,
  author= {Bronte, Charlotte},
  title = {Jane Eyre},
  year = 1983,
  publisher = Bantam Classics,
  isbn = 0553211404,
}
