@article{cheetham2019,
  author={Seth W. Cheetham and Geoffrey J. Faulkner and Marcel E. Dinger},
  title={Overcoming challenges and dogmas to understand the functions of pseudogenes},
  journal={Nature Reviews Genetics},
  year={2019},
  volume={21},
  number={3},
  pages={191-201},
  doi={10.1038/s41576-019-0196-1}
}

@misc{blueprint2020,
  author={BluePrint Genetics},
  title={Blueprint Genetics’ approach to pseudogenes and other duplicated genomic regions},
  year={2020},
  note={Accessed 2024-06-14},
  url={https://blueprintgenetics.com/pseudogene/}
}

@article{kalyana-sundaram2012,
  author={Shanker Kalyana-Sundaram and Chandan Kumar-Sinha and Sunita Shankar and Dan R. Robinson and Yi-Mi Wu and Xuhong Cao and Irfan A. Asangani and Vishal Kothari and John R. Prensner and Robert J. Lonigro and Matthew K. Iyer and Terrence Barrette and Achiraman Shanmugam and Saravana M. Dhanasekaran and Nallasivam Palanisamy and Arul M. Chinnaiyan},
  title={Expressed Pseudogenes in the Transcriptional Landscape of Human Cancers},
  journal={Cell},
  year={2012},
  volume={149},
  number={7},
  pages={1622-1634},
  doi={10.1016/j.cell.2012.04.041}
}

@article{abrahamsson22ppsifinder,
  author={Sanna Abrahamsson and Frida Eiengård and Anna Rohlin and Marcela Dávila López},
  title={PΨFinder: a practical tool for the identification and visualization of novel pseudogenes in DNA sequencing data},
  journal={BMC Bioinformatics},
  year={2022},
  volume={23},
  number={1},
  pages={59},
  doi={10.1186/s12859-022-04583-4}
}

@article{syber2022pseudopipe,
  author={Mitchell J Syberg-Olsen and Arkadiy I Garber and Patrick J Keeling and John P McCutcheon and Filip Husnik},
  title={Pseudofinder: Detection of Pseudogenes in Prokaryotic Genomes},
  journal={Molecular Biology and Evolution},
  year={2022},
  volume={39},
  number={7},
  doi={10.1093/molbev/msac153}
}

@article{zhang2006pseudopipe,
  author={Zhaolei Zhang and Nicholas Carriero and Deyou Zheng and John Karro and Paul M. Harrison and Mark Gerstein},
  title={PseudoPipe: an automated pseudogene identification pipeline},
  journal={Bioinformatics},
  year={2006},
  volume={22},
  number={12},
  pages={1437-1439},
  doi={10.1093/bioinformatics/btl116}
}

@article{van2006ppfinder,
  author={Marijke J. van Baren and Michael R. Brent},
  title={Iterative gene prediction and pseudogene removal improves genome annotation},
  journal={Genome Research},
  year={2006},
  volume={16},
  number={5},
  pages={678-685},
  doi={10.1101/gr.4766206}
}

@article{Baertsch_2008,
  author={Baertsch, Robert and Diekhans, Mark and Kent, W James and Haussler, David and Brosius, Jürgen},
  title={Retrocopy contributions to the evolution of the human genome},
  journal={BMC Genomics},
  year={2008},
  volume={9},
  number={1},
  pages={466},
  doi={10.1186/1471-2164-9-466}
}

@article{cabanac2023p,
  author={Cabanac, S{\'e}bastien and Mathe, Catherine and Dunand, Christophe},
  title={P-GRe: An efficient pipeline to maximised pseudogene prediction in plants/eucaryotes},
  journal={bioRxiv},
  year={2023},
  pages={2023--12}
}

@article{miller2021sideretro,
  author={Miller, Thiago LA and Orpinelli Rego, Fernanda and Buzzo, Jos{\'e} Leonel L and Galante, Pedro AF},
  title={sideRETRO: a pipeline for identifying somatic and polymorphic insertions of processed pseudogenes or retrocopies},
  journal={Bioinformatics},
  year={2021},
  volume={37},
  number={3},
  pages={419--421}
}

@article{ijms17121991,
  author={Xiao, Jin and Sekhwal, Manoj Kumar and Li, Pingchuan and Ragupathy, Raja and Cloutier, Sylvie and Wang, Xiue and You, Frank M.},
  title={Pseudogenes and Their Genome-Wide Prediction in Plants},
  journal={International Journal of Molecular Sciences},
  year={2016},
  volume={17},
  number={12},
  doi={10.3390/ijms17121991}
}

@article{mascagni2021structural,
  author={Mascagni, Flavia and Usai, Gabriele and Cavallini, Andrea and Porceddu, Andrea},
  title={Structural characterization and duplication modes of pseudogenes in plants},
  journal={Scientific Reports},
  year={2021},
  volume={11},
  number={1},
  pages={5292}
}

@article{cooke2014processed,
  author={Cooke, Susanna L and Shlien, Adam and Marshall, John and Pipinikas, Christodoulos P and Martincorena, Inigo and Tubio, Jose MC and Li, Yilong and Menzies, Andrew and Mudie, Laura and Ramakrishna, Manasa and others},
  title={Processed pseudogenes acquired somatically during cancer development},
  journal={Nature communications},
  year={2014},
  volume={5},
  number={1},
  pages={3644}
}

@article{jensson2023actionable,
  author={Jensson, Brynjar O and Arnadottir, Gudny A and Katrinardottir, Hildigunnur and Fridriksdottir, Run and Helgason, Hannes and Oddsson, Asmundur and Sveinbjornsson, Gardar and Eggertsson, Hannes P and Halldorsson, Gisli H and Atlason, Bjarni A and others},
  title={Actionable genotypes and their association with life span in Iceland},
  journal={New England Journal of Medicine},
  year={2023},
  volume={389},
  number={19},
  pages={1741--1752}
}

@article{raisaro2017,
  author={Raisaro, Jean Louis and Tramer, Florian and Ji, Zhanglong and Bu, Diyue and Zhao, Yongan and Carey, Knox and Lloyd, David and Sofia, Heidi and Baker, Dixie and Flicek, Paul and others},
  title={Addressing Beacon re-identification attacks: quantification and mitigation of privacy risks},
  journal={Journal of the American Medical Informatics Association},
  year={2017},
  volume={24},
  number={4},
  pages={799--805}
}

@inproceedings{humbert2013addressing,
  author={Humbert, Mathias and Ayday, Erman and Hubaux, Jean-Pierre and Telenti, Amalio},
  title={Addressing the concerns of the lacks family: quantification of kin genomic privacy},
  booktitle={Proceedings of the 2013 ACM SIGSAC conference on Computer \& communications security},
  year={2013},
  pages={1141--1152}
}

@article{deznabi2018inference,
  author={Iman Deznabi and Mohammad Mobayen and Nazanin Jafari and Oznur Tastan and Erman Ayday},
  title={An Inference Attack on Genomic Data Using Kinship, Complex Correlations, and Phenotype Information},
  journal={IEEE/ACM Transactions on Computational Biology and Bioinformatics},
  year={2018},
  volume={15},
  number={4},
  pages={1333-1343},
  doi={10.1109/tcbb.2017.2709740}
}

@article{sadhuka2023,
  author={Shuvom Sadhuka and Daniel Fridman and Bonnie Berger and Hyunghoon Cho},
  title={Assessing transcriptomic reidentification risks using discriminative sequence models},
  journal={Genome Research},
  year={2023},
  doi={10.1101/gr.277699.123}
}

@article{schadt2012bayesian,
  author={Schadt, Eric E and Woo, Sangsoon and Hao, Ke},
  title={Bayesian method to predict individual SNP genotypes from gene expression data},
  journal={Nature genetics},
  year={2012},
  volume={44},
  number={5},
  pages={603--608}
}

@article{vlahou21:_data_sharin_under_gener_data_protec_regul,
  author={Antonia Vlahou and Dara Hallinan and Rolf Apweiler and Angel Argiles and Joachim Beige and Ariela Benigni and Rainer Bischoff and Peter C. Black and Franziska Boehm and Jocelyn Céraline and George P. Chrousos and Christian Delles and Pieter Evenepoel and Ivo Fridolin and Griet Glorieux and Alain J. van Gool and Isabel Heidegger and John P.A. Ioannidis and Joachim Jankowski and Vera Jankowski and Carmen Jeronimo and Ashish M. Kamat and Rosalinde Masereeuw and Gert Mayer and Harald Mischak and Alberto Ortiz and Giuseppe Remuzzi and Peter Rossing and Joost P. Schanstra and Bernd J. Schmitz-Dräger and Goce Spasovski and Jan A. Staessen and Dimitrios Stamatialis and Peter Stenvinkel and Christoph Wanner and Stephen B. Williams and Faiez Zannad and Carmine Zoccali and Raymond Vanholder},
  title={Data Sharing Under the General Data Protection Regulation},
  journal={Hypertension},
  year={2021},
  volume={77},
  number={4},
  pages={1029-1035},
  doi={10.1161/hypertensionaha.120.16340}
}

@inproceedings{humbert2015anonymizing,
  author={Humbert, Mathias and Huguenin, K{\'e}vin and Hugonot, Joachim and Ayday, Erman and Hubaux, Jean-Pierre},
  title={De-anonymizing genomic databases using phenotypic traits},
  booktitle={15th Privacy Enhancing Technologies Symposium (PETS)},
  year={2015},
  volume={2015},
  number={2},
  pages={99--114}
}

@article{kong2008detection,
  author={Augustine Kong and Gisli Masson and Michael L Frigge and Arnaldur Gylfason and Pasha Zusmanovich and Gudmar Thorleifsson and Pall I Olason and Andres Ingason and Stacy Steinberg and Thorunn Rafnar and Patrick Sulem and Magali Mouy and Frosti Jonsson and Unnur Thorsteinsdottir and Daniel F Gudbjartsson and Hreinn Stefansson and Kari Stefansson},
  title={Detection of sharing by descent, long-range phasing and haplotype imputation},
  journal={Nature Genetics},
  year={2008},
  volume={40},
  number={9},
  pages={1068-1075},
  doi={10.1038/ng.216}
}

@article{cai2015,
  author={Ruichu Cai and Zhifeng Hao and Marianne Winslett and Xiaokui Xiao and Yin Yang and Zhenjie Zhang and Shuigeng Zhou},
  title={Deterministic identification of specific individuals from GWAS results},
  journal={Bioinformatics},
  year={2015},
  volume={31},
  number={11},
  pages={1701-1707},
  doi={10.1093/bioinformatics/btv018}
}

@article{yakubu2019,
  author={Mohammed Yakubu, Abukari and Chen, Yi-Ping Phoebe},
  title={Ensuring privacy and security of genomic data and functionalities},
  journal={Briefings in Bioinformatics},
  year={2019},
  volume={21},
  number={2},
  pages={511–526},
  month={feb},
  doi={10.1093/bib/bbz013}
}

@article{dyke2015epigenome,
  author={Dyke, Stephanie OM and Cheung, Warren A and Joly, Yann and Ammerpohl, Ole and Lutsik, Pavlo and Rothstein, Mark A and Caron, Maxime and Busche, Stephan and Bourque, Guillaume and R{\"o}nnblom, Lars and others},
  title={Epigenome data release: a participant-centered approach to privacy protection},
  journal={Genome biology},
  year={2015},
  volume={16},
  pages={1--12}
}

@article{rocher2019estimating,
  author={Rocher, Luc and Hendrickx, Julien M and De Montjoye, Yves-Alexandre},
  title={Estimating the success of re-identifications in incomplete datasets using generative models},
  journal={Nature communications},
  year={2019},
  volume={10},
  number={1},
  pages={1--9}
}

@article{kling2021investigative,
  author={Kling, Daniel and Phillips, Christopher and Kennett, Debbie and Tillmar, Andreas},
  title={Investigative genetic genealogy: Current methods, knowledge and practice},
  journal={Forensic Science International: Genetics},
  year={2021},
  volume={52},
  pages={102474}
}

@article{bonomi2020privacy,
  author={Bonomi, Luca and Huang, Yingxiang and Ohno-Machado, Lucila},
  title={Privacy challenges and research opportunities for genomic data sharing},
  journal={Nature genetics},
  year={2020},
  volume={52},
  number={7},
  pages={646--654}
}

@article{rahnasto2023genetic,
  author={Rahnasto, Johanna},
  title={Genetic data are not always personal—disaggregating the identifiability and sensitivity of genetic data},
  journal={Journal of Law and the Biosciences},
  year={2023},
  volume={10},
  number={2},
  pages={lsad029}
}

@article{ellenbogen2019identification,
  author={Ellenbogen, Paul and Narayanan, Arvind},
  title={Identification of anonymous DNA using genealogical triangulation},
  journal={bioRxiv},
  year={2019},
  pages={531269}
}

@article{lippert2017,
  author={Lippert, Christoph and Sabatini, Riccardo and Maher, M Cyrus and Kang, Eun Yong and Lee, Seunghak and Arikan, Okan and Harley, Alena and Bernal, Axel and Garst, Peter and Lavrenko, Victor and others},
  title={Identification of individuals by trait prediction using whole-genome sequencing data},
  journal={Proceedings of the National Academy of Sciences},
  year={2017},
  volume={114},
  number={38},
  pages={10166--10171}
}

@article{akgün2020identying,
  author={Mete Akgün and Ali Burak Ünal and Bekir Ergüner and Nico Pfeifer and Oliver Kohlbacher},
  title={Identifying disease-causing mutations with privacy protection},
  journal={Bioinformatics},
  year={2020},
  volume={36},
  number={21},
  pages={5205-5213},
  doi={10.1093/bioinformatics/btaa641}
}

@misc{sweeney2013,
  author={Latanya Sweeney and Akua Abu and Julia Winn},
  title={Identifying Participants in the Personal Genome Project by Name (A Re-identification Experiment)},
  year={2013},
  url={https://arxiv.org/abs/1304.7605}
}

@article{gymrek2013,
  author={Melissa Gymrek and Amy L. McGuire and David Golan and Eran Halperin and Yaniv Erlich},
  title={Identifying Personal Genomes by Surname Inference},
  journal={Science},
  year={2013},
  volume={339},
  number={6117},
  pages={321-324},
  doi={10.1126/science.1229566}
}

@article{erlich2018,
  author={Yaniv Erlich and Tal Shor and Itsik Pe’er and Shai Carmi},
  title={Identity inference of genomic data using long-range familial searches},
  journal={Science},
  year={2018},
  volume={362},
  number={6415},
  pages={690-694},
  doi={10.1126/science.aau4832}
}

@article{he2020inference,
  author={Zaobo He and Jiguo Yu and Ji Li and Qilong Han and Guangchun Luo and Yingshu Li},
  title={Inference Attacks and Controls on Genotypes and Phenotypes for Individual Genomic Data},
  journal={IEEE/ACM Transactions on Computational Biology and Bioinformatics},
  year={2020},
  volume={17},
  number={3},
  pages={930-937},
  doi={10.1109/tcbb.2018.2810180}
}

@article{Gitschier_2009,
  author={Gitschier, Jane},
  title={Inferential Genotyping of Y Chromosomes in Latter-Day Saints Founders and Comparison to Utah Samples in the HapMap Project},
  journal={The American Journal of Human Genetics},
  year={2009},
  volume={84},
  number={2},
  pages={251–258},
  month={feb},
  doi={10.1016/j.ajhg.2009.01.018}
}

@article{erlich2017major,
  author={Erlich, Yaniv},
  title={Major flaws in “Identification of individuals by trait prediction using whole-genome sequencing data”},
  journal={BioRxiv},
  year={2017},
  pages={185330}
}

@article{clayton10,
  author={David Clayton},
  title={On inferring presence of an individual in a mixture: a Bayesian approach},
  journal={Biostatistics},
  year={2010},
  volume={11},
  number={4},
  pages={661-673},
  doi={10.1093/biostatistics/kxq035}
}

@article{craig2011assessing,
  author={Craig, David W and Goor, Robert M and Wang, Zhenyuan and Paschall, Justin and Ostell, Jim and Feolo, Michael and Sherry, Stephen T and Manolio, Teri A},
  title={Assessing and managing risk when sharing aggregate genetic variant data},
  journal={Nature Reviews Genetics},
  year={2011},
  volume={12},
  number={10},
  pages={730--736}
}

@article{nyholt2009jim,
  author={Nyholt, Dale R and Yu, Chang-En and Visscher, Peter M},
  title={On Jim Watson's APOE status: genetic information is hard to hide},
  journal={European Journal of Human Genetics},
  year={2009},
  volume={17},
  number={2},
  pages={147--149}
}

@inproceedings{fredrikson2014privacy,
  author={Fredrikson, Matthew and Lantz, Eric and Jha, Somesh and Lin, Simon and Page, David and Ristenpart, Thomas},
  title={Privacy in pharmacogenetics: An $\{$End-to-End$\}$ case study of personalized warfarin dosing},
  booktitle={23rd USENIX security symposium (USENIX Security 14)},
  year={2014},
  pages={17--32}
}

@article{naveed2015privacy,
  author={Naveed, Muhammad and Ayday, Erman and Clayton, Ellen W. and Fellay, Jacques and Gunter, Carl A. and Hubaux, Jean-Pierre and Malin, Bradley A. and Wang, Xiaofeng},
  title={Privacy in the Genomic Era},
  journal={ACM Computing Surveys},
  year={2015},
  volume={48},
  number={1},
  pages={1–44},
  month={aug},
  doi={10.1145/2767007}
}

@article{shringarpure2015,
  author={Shringarpure, Suyash S and Bustamante, Carlos D},
  title={Privacy risks from genomic data-sharing beacons},
  journal={The American Journal of Human Genetics},
  year={2015},
  volume={97},
  number={5},
  pages={631--646}
}

@article{humbert2017quantifying,
  author={Mathias Humbert and Erman Ayday and Jean-Pierre Hubaux and Amalio Telenti},
  title={Quantifying Interdependent Risks in Genomic Privacy},
  journal={ACM Transactions on Privacy and Security},
  year={2017},
  volume={20},
  number={1},
  pages={1-31},
  doi={10.1145/3035538}
}

@article{vonthenen2019,
  author={Von Thenen, Nora and Ayday, Erman and Cicek, A Ercument},
  title={Re-identification of individuals in genomic data-sharing beacons via allele inference},
  journal={Bioinformatics},
  year={2019},
  volume={35},
  number={3},
  pages={365--371}
}

@article{homer2008resolving,
  author={Nils Homer and Szabolcs Szelinger and Margot Redman and David Duggan and Waibhav Tembe and Jill Muehling and John V. Pearson and Dietrich A. Stephan and Stanley F. Nelson and David W. Craig},
  title={Resolving Individuals Contributing Trace Amounts of DNA to Highly Complex Mixtures Using High-Density SNP Genotyping Microarrays},
  journal={PLoS Genetics},
  year={2008},
  volume={4},
  number={8},
  pages={e1000167},
  doi={10.1371/journal.pgen.1000167}
}

@article{sweeney2000simple,
  author={Sweeney, Latanya},
  title={Simple demographics often identify people uniquely},
  journal={Health (San Francisco)},
  year={2000},
  volume={671},
  number={2000},
  pages={1--34}
}

@article{erlich2014,
  author={Erlich, Yaniv and Narayanan, Arvind},
  title={Routes for breaching and protecting genetic privacy},
  journal={Nature Reviews Genetics},
  year={2014},
  volume={15},
  number={6},
  pages={409--421}
}

@article{pakstis2010snps,
  author={Pakstis, Andrew J and Speed, William C and Fang, Rixun and Hyland, Fiona CL and Furtado, Manohar R and Kidd, Judith R and Kidd, Kenneth K},
  title={SNPs for a universal individual identification panel},
  journal={Human genetics},
  year={2010},
  volume={127},
  pages={315--324}
}
