@article{thomas2005consensus,
  title={Consensus of DGKL and VDGH for interim reference intervals on enzymes in serum Konsensus von DGKL und VDGH zu vorl{\"a}ufigen Referenzbereichen f{\"u}r Serumenzyme},
  author={Thomas, Lothar and M{\"u}ller, Matthias and Schumann, Gerhard and Weidemann, Gerhard and Klein, Gerhard and Lunau, Stephan and Pick, Karl-Heinz and Sonntag, Oswald},
  journal={LaboratoriumsMedizin},
  volume={29},
  number={5},
  pages={301--308},
  year={2005},
  publisher={De Gruyter}
}

@book{bonnefont2019explorations,
  title={Explorations en biochimie m{\'e}dicale: interpr{\'e}tations et orientations diagnostiques},
  author={Bonnefont-Rousselot, Dominique and Beaudeux, Jean-Louis and Charpiot, Philippe},
  year={2019},
  publisher={Lavoisier m{\'e}decine sciences}
}
@book{van2019davis,
  title={Davis's comprehensive manual of laboratory and diagnostic tests with nursing implications},
  author={Van Leeuwen, Anne M and Bladh, Mickey L},
  year={2019},
  publisher={FA Davis}
}
@article{estey2013clsi,
  title={CLSI-based transference of the CALIPER database of pediatric reference intervals from Abbott to Beckman, Ortho, Roche and Siemens Clinical Chemistry Assays: direct validation using reference samples from the CALIPER cohort},
  author={Estey, Mathew P and Cohen, Ashley H and Colantonio, David A and Chan, Man Khun and Marvasti, Tina Binesh and Randell, Edward and Delvin, Edgard and Cousineau, Jocelyne and Grey, Vijaylaxmi and Greenway, Donald and others},
  journal={Clinical biochemistry},
  volume={46},
  number={13-14},
  pages={1197--1219},
  year={2013},
  publisher={Elsevier}
}
@article{abicht2001multicenter,
  title={Multicenter evaluation of new GGT and ALP reagents with new reference standardization and determination of 37 C reference intervals},
  author={Abicht, K and El-Samalouti, V and Junge, W and Kroll, M and Luthe, H and Treskes, M and Klein, G},
  journal={Clin Chem Lab Med},
  volume={39},
  pages={346},
  year={2001}
}
@article{biomnis,
  title={Pr{\'e}cis de Biopathologie - Analyses m{\'e}dicales sp{\'e}cialis{\'e}es},
  author={Biomnis},
  year={2012}
}
@book{thomas2008labor,
  title={Labor und Diagnose: Indikation und Bewertung von Laborbefunden f{\"u}r die medizinische Diagnostik},
  author={Thomas, Lothar},
  year={2008},
  publisher={TH-Books-Verlag-Ges.}
}
@article{lohr2009reference,
  title={Reference range study for various parameters on Roche clinical chemistry analyzers.},
  author={L{\"o}hr, B and El-Samalouti, V and Junge, W and Maatouk, H and Halabi, A and Fahle, A and Bossert-Reuther, S and Jung, M and Berding, C and Domke, I},
  journal={Clinical laboratory},
  volume={55},
  number={11-12},
  pages={465--471},
  year={2009}
}
@article{american2004management,
  title={Management of hyperbilirubinemia in the newborn infant 35 or more weeks of gestation},
  author={American Academy of Pediatrics Subcommittee on Hyperbilirubinemia and others},
  journal={Pediatrics},
  volume={114},
  number={1},
  pages={297--316},
  year={2004}
}
@book{mcpherson2007,
  title={Henry's clinical diagnosis and management by laboratory methods},
  author={McPherson, Richard A and Pincus, Matthew R},
  year={2007},
  publisher={Elsevier Health Sciences}
}
@book{soldin2005pediatric,
  title={Pediatric reference ranges},
  author={Soldin, Steven J and Brugnara, Carlo and Wong, Edward C},
  year={2005},
  publisher={Amer. Assoc. for Clinical Chemistry}
}
@article{junge2001development,
  title={Development and evaluation of assays for the determination of total and pancreatic amylase at 37 C according to the principle recommended by the IFCC},
  author={Junge, Wolfgang and Wortmann, Werner and Wilke, B{\"a}rbel and Waldenstr{\"o}m, Johann and Kurrle-Weittenhiller, Angelika and Finke, J{\"u}rgen and Klein, Gerhard},
  journal={Clinical biochemistry},
  volume={34},
  number={8},
  pages={607--615},
  year={2001},
  publisher={Elsevier}
}
@inproceedings{junge1999evaluation,
  title={Evaluation of the colorimetric liquid assay for pancreatic lipase on Hitachi analyzers in 7 clinical centers in Europe, Japan and USA.},
  author={Junge, M and Abicht, K and Goldman, J and Luthe, H and Niederau, C and Parker, J and Watanabe, S and Klein, G and Prinzing, U},
  booktitle={CLINICAL CHEMISTRY},
  volume={45},
  number={6},
  pages={A51--A51},
  year={1999},
  organization={AMER ASSOC CLINICAL CHEMISTRY 2101 L STREET NW, SUITE 202, WASHINGTON, DC~â€¦}
}
