@article{nishioka2015,
  title={High frequency of beta-propeller protein-associated neurodegeneration (BPAN) among patients with intellectual disability and young-onset parkinsonism},
  author={Nishioka, Kenya and Oyama, Genko and Yoshino, Hiroyo and Li, Yuanzhe and Matsushima, Takashi and Takeuchi, Chisen and Mochizuki, Yoko and Mori-Yoshimura, Madoka and Murata, Miho and Yamasita, Chikara and others},
  journal={Neurobiology of aging},
  volume={36},
  number={5},
  pages={2004--e9},
  year={2015},
  publisher={Elsevier}
}
