@article{thomas2005consensus,
  title={Consensus of DGKL and VDGH for interim reference intervals on enzymes in serum Konsensus von DGKL und VDGH zu vorl{\"a}ufigen Referenzbereichen f{\"u}r Serumenzyme},
  author={Thomas, Lothar and M{\"u}ller, Matthias and Schumann, Gerhard and Weidemann, Gerhard and Klein, Gerhard and Lunau, Stephan and Pick, Karl-Heinz and Sonntag, Oswald},
  journal={LaboratoriumsMedizin},
  volume={29},
  number={5},
  pages={301--308},
  year={2005},
  publisher={De Gruyter}
}

@book{bonnefont2019explorations,
  title={Explorations en biochimie m{\'e}dicale: interpr{\'e}tations et orientations diagnostiques},
  author={Bonnefont-Rousselot, Dominique and Beaudeux, Jean-Louis and Charpiot, Philippe},
  year={2019},
  publisher={Lavoisier m{\'e}decine sciences}
}
@book{van2019davis,
  title={Davis's comprehensive manual of laboratory and diagnostic tests with nursing implications},
  author={Van Leeuwen, Anne M and Bladh, Mickey L},
  year={2019},
  publisher={FA Davis}
}
@article{estey2013clsi,
  title={CLSI-based transference of the CALIPER database of pediatric reference intervals from Abbott to Beckman, Ortho, Roche and Siemens Clinical Chemistry Assays: direct validation using reference samples from the CALIPER cohort},
  author={Estey, Mathew P and Cohen, Ashley H and Colantonio, David A and Chan, Man Khun and Marvasti, Tina Binesh and Randell, Edward and Delvin, Edgard and Cousineau, Jocelyne and Grey, Vijaylaxmi and Greenway, Donald and others},
  journal={Clinical biochemistry},
  volume={46},
  number={13-14},
  pages={1197--1219},
  year={2013},
  publisher={Elsevier}
}
@article{abicht2001multicenter,
  title={Multicenter evaluation of new GGT and ALP reagents with new reference standardization and determination of 37 C reference intervals},
  author={Abicht, K and El-Samalouti, V and Junge, W and Kroll, M and Luthe, H and Treskes, M and Klein, G},
  journal={Clin Chem Lab Med},
  volume={39},
  pages={346},
  year={2001}
}
@article{biomnis,
  title={Pr{\'e}cis de Biopathologie - Analyses m{\'e}dicales sp{\'e}cialis{\'e}es},
  author={Biomnis},
  year={2012}
}
